<record><leader>00000cas a22000007a 4500</leader><controlfield tag="001">13012959</controlfield><controlfield tag="008">860113d19551971wiuwr ne      0    0eng d</controlfield><datafield ind1=" " ind2=" " tag="010"><subfield code="a">sn 86086062 </subfield></datafield><datafield ind1=" " ind2=" " tag="040"><subfield code="a">NPV</subfield><subfield code="b">eng</subfield><subfield code="c">NPV</subfield><subfield code="d">OCLCQ</subfield></datafield><datafield ind1=" " ind2=" " tag="042"><subfield code="a">msc</subfield></datafield><datafield ind1=" " ind2=" " tag="045"><subfield code="a">x5x7</subfield></datafield><datafield ind1=" " ind2=" " tag="052"><subfield code="a">4123</subfield><subfield code="b">M6</subfield></datafield><datafield ind1="0" ind2=" " tag="130"><subfield code="a">Reminder-enterprise (Cudahy, Wis. : 1955)</subfield></datafield><datafield ind1="1" ind2="4" tag="245"><subfield code="a">The Reminder-enterprise.</subfield></datafield><datafield ind1=" " ind2=" " tag="260"><subfield code="a">Cudahy, Wis. :</subfield><subfield code="b">L.R. Stonek,</subfield><subfield code="c">1955-1971.</subfield></datafield><datafield ind1=" " ind2=" " tag="300"><subfield code="a">v. :</subfield><subfield code="b">ill.</subfield></datafield><datafield ind1=" " ind2=" " tag="310"><subfield code="a">Weekly</subfield></datafield><datafield ind1="0" ind2=" " tag="362"><subfield code="a">Vol. 45, no. 1 (Jan. 6, 1955)-v. 62, no. 42 (Oct. 28, 1971).</subfield></datafield><datafield ind1=" " ind2=" " tag="500"><subfield code="a">"Official Paper for Cudahy and St. Francis."</subfield></datafield><datafield ind1=" " ind2=" " tag="500"><subfield code="a">Editors: L.R. Stonek, Jan. 6, 1955-Oct. 28, 1971.</subfield></datafield><datafield ind1=" " ind2=" " tag="530"><subfield code="a">Available on microfilm from The State Historical Society of Wisconsin.</subfield></datafield><datafield ind1=" " ind2=" " tag="752"><subfield code="a">United States</subfield><subfield code="b">Wisconsin</subfield><subfield code="c">Milwaukee</subfield><subfield code="d">St. Francis.</subfield></datafield><datafield ind1=" " ind2=" " tag="752"><subfield code="a">United States</subfield><subfield code="b">Wisconsin</subfield><subfield code="c">Milwaukee</subfield><subfield code="d">Cudahy.</subfield></datafield><datafield ind1="0" ind2="0" tag="780"><subfield code="t">Reminder-enterprise press</subfield><subfield code="w">(DLC)sn 86086061</subfield></datafield><datafield ind1="0" ind2="0" tag="785"><subfield code="t">Cudahy reminder-enterprise (Cudahy, Wis. : 1971)</subfield><subfield code="w">(DLC)sn 86086063</subfield></datafield><datafield ind1="1" ind2=" " tag="029"><subfield code="a">AU@</subfield><subfield code="b">000025822864</subfield></datafield></record>